@book{book1,
doi = {as.given.by/the.publisher},
year = 1998,
publisher = {ABCD},
author = {X. YZ},
title = {An Introduction to KLM}
}

@article{article1,
title = "Just another Journal Article",
journal = "Random Journal",
volume = "12",
number = "4",
pages = "408 - 420",
year = "2001",
issn = "1234-8765",
doi = "another.doi.given/by.the.publisher",
author = "A. BC and X. YZ and M. NO and F. LP"
}